@article{oliveira:origem_universidades,
	title = {{Origem e mem\'oria das universidades medievais a preserva{\c c}{\~a}o de uma institui{\c c}{\~a}o educacional}},
	journal = {{Varia Historia}},
	author={Oliveira, Terezinha},
	ISSN = {0104-8775},
	language = {pt},
	URL = {http://www.scielo.br/scielo.php?script=sci_arttext&pid=S0104-87752007000100007&nrm=iso},
	volume = {23},
	year = {2007},
	month = {06},
	pages = {113 - 129},
	publisher = {scielo},
}

@book{ribeiro:universidade_vida_atual,
	title={A universidade e a vida atual: Fellini n{{\~a}}o via filmes},
	author={Ribeiro, Renato Janine and Priore, M.D.},
	isbn={9788535212587},
	lccn={2005340697},
	url={http://books.google.com.br/books?id=ptyTtwAACAAJ},
	year={2003},
	publisher={Editora Campus}
}

@inproceedings{kelemen:has_become_math_phobic,
	author = {Kelemen, Charles and Tucker, Allen and Henderson, Peter and Astrachan, Owen and Bruce, Kim},
	title = {Has our curriculum become math-phobic? (an American perspective)},
	booktitle = {Proceedings of the 5th annual SIGCSE/SIGCUE ITiCSEconference on Innovation and technology in computer science education},
	series = {ITiCSE '00},
	year = {2000},
	isbn = {1-58113-207-7},
	location = {Helsinki, Finland},
	pages = {132--135},
	numpages = {4},
	url = {http://doi.acm.org/10.1145/343048.343143},
	doi = {10.1145/343048.343143},
	acmid = {343143},
	publisher = {ACM},
	address = {New York, NY, USA},
} 

@inproceedings{tucker:our_curriculum_math_phobic,
	author = {Allen B. Tucker and Charles F. Kelemen and Kim B. Bruce},
	title = {Our Curriculum Has Become Math-Phobic!},
	booktitle = {In Proceedings of the Thirty-second SIGCSE Technical Symposium on Computer Science Education},
	year = {2001},
	pages = {243--247},
	publisher = {ACM Press}
}


@article{ralston:do_need_mathematics,
	author = {Ralston, Anthony},
	title = {Do we need ANY mathematics in computer science curricula?},
	journal = {SIGCSE Bull.},
	issue_date = {June 2005},
	volume = {37},
	number = {2},
	month = jun,
	year = {2005},
	issn = {0097-8418},
	pages = {6--9},
	numpages = {4},
	url = {http://doi.acm.org/10.1145/1083431.1083433},
	doi = {10.1145/1083431.1083433},
	acmid = {1083433},
	publisher = {ACM},
	address = {New York, NY, USA},
} 

@inproceedings{archibald:mathematics_component,
	author = {Ralston, Anthony and Chrisman, Carol and Jehn, Lawrence A. and Poirier, Charles P. and Del Vecchio, Donald J.},
	note = {Moderator-Archibald,Jr., Julius A.},
	title = {The mathematics component of the undergraduate curriculum in computer science (Panel Discussion)},
	booktitle = {Proceedings of the twelfth SIGCSE technical symposium on Computer science education},
	series = {SIGCSE '81},
	year = {1981},
	isbn = {0-89791-036-2},
	location = {St. Louis, Missouri, United States},
	pages = {104--108},
	numpages = {5},
	url = {http://doi.acm.org/10.1145/800037.800970},
	doi = {10.1145/800037.800970},
	acmid = {800970},
	publisher = {ACM},
	address = {New York, NY, USA},
} 

@inproceedings{tucker:cs_core_curriculum,
	author = {Tucker, Alan C.},
	title = {Computer Science Core Curriculum And Mathematics},
	booktitle = {Proceedings of the 1978 annual conference},
	series = {ACM '78},
	year = {1978},
	isbn = {0-89791-000-1},
	location = {Washington, D.C., United States},
	pages = {21--24},
	numpages = {4},
	url = {http://doi.acm.org/10.1145/800127.804062},
	doi = {10.1145/800127.804062},
	acmid = {804062},
	publisher = {ACM},
	address = {New York, NY, USA},
} 

@inproceedings{marion:discrete_math,
	author = {Marion, William},
	title = {Discrete mathematics for computer science majors \- where are we? How do we proceed?},
	booktitle = {Proceedings of the twentieth SIGCSE technical symposium on Computer science education},
	series = {SIGCSE '89},
	year = {1989},
	isbn = {0-89791-298-5},
	location = {Louisville, Kentucky, United States},
	pages = {273--277},
	numpages = {5},
	url = {http://doi.acm.org/10.1145/65293.65314},
	doi = {10.1145/65293.65314},
	acmid = {65314},
	publisher = {ACM},
	address = {New York, NY, USA},
} 

@article{krone:incorporating_mathematics,
	author = {Krone, Joan and Feil, Todd},
	title = {Incorporating mathematics into the first year CS program: a new approach to CS2},
	journal = {J. Comput. Sci. Coll.},
	issue_date = {October 2001},
	volume = {17},
	number = {1},
	month = oct,
	year = {2001},
	issn = {1937-4771},
	pages = {44--51},
	numpages = {8},
	url = {http://dl.acm.org/citation.cfm?id=772488.772499},
	acmid = {772499},
	publisher = {Consortium for Computing Sciences in Colleges},
	address = {USA},
} 

@article{wyatt:long_term_prospects,
	author = {Wyatt, Richard and Ackermann, Ernest and D'Antonio, Lawrence and McElfresh, Scott and Milito, Elaine},
	title = {What are the long term prospects for CS education, given the rapid rise of IT?},
	journal = {J. Comput. Sci. Coll.},
	issue_date = {May 2008},
	volume = {23},
	number = {5},
	month = may,
	year = {2008},
	issn = {1937-4771},
	pages = {120--122},
	numpages = {3},
	url = {http://dl.acm.org/citation.cfm?id=1352627.1352647},
	acmid = {1352647},
	publisher = {Consortium for Computing Sciences in Colleges},
	address = {USA},
} 

@article{ralston:cs_math_undergraduate_curricula,
	AUTHOR    = {Anthony Ralston}, 
	TITLE     = {Computer Science, Mathematics, and the Undergraduate Curricula in Both},
	JOURNAL   = {The American Mathematical Monthly},
	YEAR      = {1981},
	Volume    = {88},
	Number    = {7},
	Pages     = {472-485},
	Month     = {Aug. - Sep.},
}

@article{cs2008,
  title={Computer science curriculum 2008: An interim revision of CS 2001},
  author={Cassel, L. and Clements, A. and Davies, G. and Guzdial, M. and McCauley, R. and McGettrick, A. and Sloan, B. and Snyder, L. and Tymann, P. and Weide, B.},
  journal={Report from the interim review task force},
  year={2008}
}

@article{cs2001,
  title={Computing curricula 2001 Computer Science},
  author={Engel, G. and Roberts, E.},
  journal={IEEE-CS, ACM. Final Report},
  year={2001}
}

@article{sbc,
    author={Maria da Gra{\c c}a Brasil {Rocha} and Maria do Carmo {Nicoletti} and Sandra C. P. F. Fabbri and Edna Barros and Alejandro C. Frery}, 
    title={Currículo de Refer\^encia da SBC para Cursos de Gradua{\c c}{\~a}o em Bacharelado em Ci\^encia da Computa{\c c}{\~a}o e Engenharia de Computa{\c c}{\~a}o}, 
    journal={Sociedade Brasileira de Computa{\c c}{\~a}o},
    year={2005},
}

@article{guia_estudante,
    author={Guia do Estudante}, 
    title={Ci\^encia da Computa{\c c}{\~a}o}, 
    journal={Guia do Estudante Profiss\~oes Vestibular 2012},
    year={2012},
    url={http://guiadoestudante.abril.com.br/profissoes/ciencias-exatas-informatica/ciencia-computacao-684528.shtml},
    note = "[Online; accessed 15-December-2012]"
}

@electronic{ime,
  author        = "Coordena{\c c}{\~a}o do Curso de Ci\^encia da Computa{\c c}{\~a}o IME/USP",
  title         = "Bacharelado em Ci\^encia da Computa{\c c}{\~a}o: Curriculo 2013",
  url           = "http://bcc.ime.usp.br/catalogo2013/",
  year          = "2012",
  note          = "[Online; accessed 15-December-2012]"
}

@electronic{ufcg,
  author        = "Coordena{\c c}{\~a}o do Curso de Ci\^encia da Computa{\c c}{\~a}o UFCG",
  title         = "Plano de Curso -Computa{\c c}{\~a}o UFCG",
  url           = "http://www.computacao.ufcg.edu.br/graduacao/plano-de-curso",
  year          = "2012",
  note          = "[Online; accessed 15-December-2012]"
}

@electronic{ufmg,
  author        = "Coordena{\c c}{\~a}o do Curso de Ci\^encia da Computa{\c c}{\~a}o UFMG",
  title         = "GRADE CURRICULAR CURSO: Ci\^encia da Computa{\c c}{\~a}o MODALIDADE/HABILITA{\c C}{\~a}O: Bacharelado - VERS{\~a}O 2011/2",
  url           = "http://www.dcc.ufmg.br/dcc/images/arquivos/EstruturaCurricularBCC2012.1.pdf",
  year          = "2012",
  note          = "[Online; accessed 15-December-2012]"
}

@electronic{ufpe,
  author        = "Coordena{\c c}{\~a}o do Curso de Ci\^encia da Computa{\c c}{\~a}o UFPE",
  title         = "Curso: CI\^ENCIA DA COMPUTA{\c C}{\~a}O - CIN Perfil: 2002-1 Relatório Perfil Curricular",
  url           = "www.ufpe.br/proacad/images/cursos_ufpe/ciencia_da_computacao_perfil_2002.pdf",
  year          = "2012",
  note          = "[Online; accessed 15-December-2012]"
}

@electronic{ufrgs,
  author        = "Coordena{\c c}{\~a}o do Curso de Ci\^encia da Computa{\c c}{\~a}o UFRGS",
  title         = "Ci\^encia da Computa{\c c}{\~a}o",
  url           = "http://www.ufrgs.br/ufrgs/ensino/graduacao/cursos/exibeCurso?cod_curso=305",
  year          = "2012",
  note          = "[Online; accessed 15-December-2012]"
}

@electronic{ufrj,
  author        = "Coordena{\c c}{\~a}o do Curso de Ci\^encia da Computa{\c c}{\~a}o UFRJ",
  title         = "Disciplinas - Ci\^encia da Computa{\c c}{\~a}o",
  url           = "https://www.siga.ufrj.br/sira/temas/zire/frameConsultas.jsp?mainPage=/repositorio-curriculo/FA9F18A7-92A4-F79B-1A98-293E97D8939B.html",
  year          = "2012",
  note          = "[Online; accessed 15-December-2012]"
}

@electronic{ufsc,
  author        = "Coordena{\c c}{\~a}o do Curso de Ci\^encias da Computa{\c c}{\~a}o UFSC",
  title         = "CURR\'ICULO DO CURSO 208 - CI\^ENCIAS DA COMPUTA{\c C}{\~a}O",
  url           = "http://www.cagr.ufsc.br/relatorios/curriculoCurso?curso=208",
  year          = "2012",
  note          = "[Online; accessed 15-December-2012]"
}

@electronic{pucrs,
  author        = "Coordena{\c c}{\~a}o do Curso de Ci\^encia da Computa{\c c}{\~a}o PUC/RS",
  title         = "FACIN - Ci\^encia da Computa{\c c}{\~a}o - Estrutura Curricular",
  url           = "http://www3.pucrs.br/portal/page/portal/facinuni/facinuniCapa/facinuniGraduacao/facinuniGraduacaoCC/facinuniGraduacaoCCEstrutura",
  year          = "2012",
  note          = "[Online; accessed 15-December-2012]"
}

@electronic{ufc,
  author        = "Coordena{\c c}{\~a}o do Curso de Ci\^encia da Computa{\c c}{\~a}o UFC",
  title         = "CompUFC Matriz Curricular",
  url           = "http://www.lia.ufc.br/~riverson/cbc/novocurr.pdf.gz",
  year          = "2012",
  note          = "[Online; accessed 15-December-2012]"
}

@electronic{unicamp,
  author        = "Coordena{\c c}{\~a}o do Curso de Ci\^encia da Computa{\c c}{\~a}o UNICAMP",
  title         = "42 - Ci\^encia da Computa{\c c}{\~a}o - Curr\'iculo Pleno",
  url           = "http://www.dac.unicamp.br/sistemas/catalogos/grad/catalogo2012/curriculoPleno/cp42.html",
  year          = "2012",
  note          = "[Online; accessed 15-December-2012]"
}

@electronic{icmc,
  author        = "Coordena{\c c}{\~a}o do Curso de Ci\^encias de Computa{\c c}{\~a}o ICMC/USP",
  title         = "CURR\'ICULO DO CURSO DE BACHARELADO EM CI\^ENCIAS DE COMPUTA{\c C}{\~A}O",
  url           = "http://www.dac.unicamp.br/sistemas/catalogos/grad/catalogo2012/curriculoPleno/cp42.html",
  year          = "2012",
  note          = "[Online; accessed 15-December-2012]"
}

